% @unpublished{zhou2020,
%     title={{[¬Re]}{N}o, you’re not alone: {A} better way to find people with similar experiences on {R}eddit},
%     author={{\zhouj}* and Regina Cheng*},
%     note={Currently in progress for submission to \href{http://rescience.github.io/}{Rescience C}},
%     note={Year TBD}
% }

@unpublished{zhou2021thesis,
    title = {An Interactive {UI} to Support Sensemaking over Collections of Parallel Texts},
    author = {{\zhouj} and Elena Glassman and Daniel S. Weld},
    school = {Paul G. Allen School of Computer Science \& Engineering, University of Washington},
    type = {Master's thesis},
    url = {},
    note={2021}
}

@inproceedings{bansal2021does,
    title={Does the Whole Exceed its Parts? {T}he Effect of {AI} Explanations on Complementary Team Performance},
    author={{G. Bansal}* and {T. Wu}* and {\zhouj}+ and {R. Fok}+ and Besmira Nushi and Ece Kamar and Marco Tulio Ribeiro and Daniel S. Weld},
    eprint={2006.14779},
    archivePrefix={arXiv},
    primaryClass={cs.AI},
    url={https://arxiv.org/abs/2006.14779},
    note={CHI 2021}
}

@workshop{bansal2020does,
    title={Does the Whole Exceed its Parts? {T}he Effect of {AI} Explanations on Complementary Team Performance},
    author={{G. Bansal}* and {T. Wu}* and {\zhouj}+ and {R. Fok}+ and Besmira Nushi and Ece Kamar and Marco Tulio Ribeiro and Daniel S. Weld},
    eprint={2006.14779},
    archivePrefix={arXiv},
    primaryClass={cs.AI},
    url={https://arxiv.org/abs/2006.14779},
    note={ICML Workshop on Human Interpretability in Machine Learning (WHI) 2020}
}

@unpublished{zhou2019thesis,
    title = {Finding and evaluating {RNA} Motifs with {CMfinder}},
    author = {{\zhouj} and Larry Ruzzo},
    school = {Paul G. Allen School of Computer Science \& Engineering, University of Washington},
    type = {Bachelor's thesis},
    url = {https://cephcyn.github.io/pub/2019-bachelors_thesis.pdf},
    note={2019}
}