%@unpublished{zhou2020,
%    title={{[¬Re]}{N}o, you’re not alone: {A} better way to find people with similar experiences on {R}eddit},
%    author={{\zhouj}* and Regina Cheng*},
%    note={Currently in progress for submission to \href{http://rescience.github.io/}{Rescience C}},
%    note={Year TBD},
%}

@workshop{gaoEndToEnd2024,
	title = {End-to-end Training for Recommendation with Language-based User Profiles},
    year = {2024},
    month = {10},
    author={Zhaolin Gao and {\zhouj} and Yijia Dai and Thorsten Joachims},
    note={RecSys 2024: The 1st Workshop on Risks, Opportunities, and Evaluation of Generative Models in Recommender Systems (ROEGEN@RECSYS'24)},
	url = {https://arxiv.org/abs/2410.18870v1},
	doi = {10.48550/arXiv.2410.18870},
}

@inproceedings{leeEndingAffirmativeAction2024,
	title = {Ending {Affirmative} {Action} {Harms} {Diversity} Without {Improving} {Academic} {Merit}},
    year = {2024},
    month = {10},
    author={Jinsook Lee and Emma Harvey and {\zhouj} and Nikhil Garg and Thorsten Joachims and Rene Kizilcec},
    isbn = {9798400712227},
    publisher = {Association for Computing Machinery},
    address = {New York, NY, USA},
    url = {https://doi.org/10.1145/3689904.3694706},
    doi = {10.1145/3689904.3694706},
	booktitle = {ACM Conference on Equity and Access in Algorithms, Mechanisms, and Optimization},
    location = {San Luis Potosí, Mexico},
    series = {EAAMO '24},
}

@workshop{zhouLanguageBasedUser2024,
	title = {Language-Based User Profiles for Recommendation},
    year = {2024},
    month = {03},
    author={{\zhouj}* and {Y. Dai}* and Thorsten Joachims},
    note={WSDM 2024: Workshop on Large Language Models for Individuals, Groups, and Society (LLM-IGS@WSDM'24)},
	url = {http://arxiv.org/abs/2402.15623},
	doi = {10.48550/arXiv.2402.15623},
}

@workshop{zhouGPTBaselineRecommendation2023,
	title = {{GPT} as a {Baseline} for {Recommendation} {Explanation} {Texts}},
    year = {2023},
    month = {09},
    author={{\zhouj} and Thorsten Joachims},
    note={RecSys 2023: 10th Joint Workshop on Interfaces and Human Decision Making for Recommender Systems (IntRS@RECSYS'23)},
	url={http://arxiv.org/abs/2309.08817},
	doi={10.48550/arXiv.2309.08817},
}

@workshop{leeAugmentingHolisticReview2023,
	title = {Augmenting {Holistic} {Review} in {University} {Admission} using {Natural} {Language} {Processing} for {Essays} and {Recommendation} {Letters}},
    year = {2023},
    month = {07},
	author = {Jinsook Lee and Bradon Thymes and {\zhouj} and Thorsten Joachims and Rene Kizilcec},
    eprint={2306.17575},
    archivePrefix={arXiv},
    primaryClass={cs.CL},
    url={http://arxiv.org/abs/2306.17575},
	note={AIED 2023: Workshop on Equity, Diversity, and Inclusion in Educational Technology Research and Development (EDI in EdTech R\&D @ AIED'23)},
}

@inproceedings{zhouHowExplainJustify2023,
	title = {How to {Explain} and {Justify} {Almost} {Any} {Decision}: {Potential} {Pitfalls} for {Accountability} in {AI} {Decision}-{Making}},
    year = {2023},
    month = {06},
    author={{\zhouj} and Thorsten Joachims},
    isbn = {9798400701924},
    publisher = {Association for Computing Machinery},
    address = {New York, NY, USA},
    url = {https://doi.org/10.1145/3593013.3593972},
    doi = {10.1145/3593013.3593972},
	booktitle = {Proceedings of the 2023 {ACM} {Conference} on {Fairness}, {Accountability}, and {Transparency}},
    pages = {12–21},
    numpages = {10},
    keywords = {adversarial explanations, explainable AI, right to an explanation},
    location = {Chicago, IL, USA},
    series = {FAccT '23}
}

@workshop{zhou2022how,
    title={How to Explain and Justify Almost Any Decision: {P}otential Pitfalls for Accountability in {AI} Decision-Making},
    year = {2022},
    month = {07},
    author={{\zhouj} and Thorsten Joachims},
    note={IJCAI 2022: 2nd Workshop on Adverse Impacts and Collateral Effects of Artificial Intelligence Technologies (AIofAI@IJCAI'22)},
    url={https://www.cs.cornell.edu/people/tj/publications/zhou_joachims_22a.pdf},
}

@unpublished{zhou2021thesis,
    title = {An Interactive {UI} to Support Sensemaking over Collections of Parallel Texts},
    year = {2021},
    month = {08},
    author = {{\zhouj} and Elena Glassman and Daniel S. Weld},
    school = {Paul G. Allen School of Computer Science \& Engineering, University of Washington},
    type = {Master's thesis},
    eprint={2303.06264},
    archivePrefix={arXiv},
    primaryClass={cs.HC},
    url = {https://arxiv.org/abs/2303.06264},
    note={2021},
}

@inproceedings{bansal2021does,
    title={Does the Whole Exceed its Parts? {T}he Effect of {AI} Explanations on Complementary Team Performance},
    year = {2021},
    month = {05},
    author={{G. Bansal}* and {T. Wu}* and {\zhouj}+ and {R. Fok}+ and Besmira Nushi and Ece Kamar and Marco Tulio Ribeiro and Daniel S. Weld},
    isbn = {9781450380966},
    publisher = {Association for Computing Machinery},
    address = {New York, NY, USA},
    url = {https://doi.org/10.1145/3411764.3445717},
    doi = {10.1145/3411764.3445717},
    booktitle = {Proceedings of the 2021 CHI Conference on Human Factors in Computing Systems},
    articleno = {81},
    numpages = {16},
    keywords = {Augmented intelligence, Explainable AI, Human-AI teams},
    location = {Yokohama, Japan},
    series = {CHI '21},
}

@workshop{bansal2020does,
    title={Does the Whole Exceed its Parts? {T}he Effect of {AI} Explanations on Complementary Team Performance},
    year = {2020},
    month = {06},
    author={{G. Bansal}* and {T. Wu}* and {\zhouj}+ and {R. Fok}+ and Besmira Nushi and Ece Kamar and Marco Tulio Ribeiro and Daniel S. Weld},
    eprint={2006.14779},
    archivePrefix={arXiv},
    primaryClass={cs.AI},
    url={https://arxiv.org/abs/2006.14779v2},
    note={ICML 2020: Workshop on Human Interpretability in Machine Learning (WHI@ICML'20)},
}

@unpublished{zhou2019thesis,
    title = {Finding and evaluating {RNA} Motifs with {CMfinder}},
    year = {2019},
    month = {08},
    author = {{\zhouj} and Larry Ruzzo},
    school = {Paul G. Allen School of Computer Science \& Engineering, University of Washington},
    type = {Bachelor's thesis},
    url = {https://cephcyn.github.io/pub/2019-bachelors_thesis.pdf},
}